@article{bowyer,
  title={Computing dirichlet tessellations},
  author={Bowyer, Adrian},
  journal={The computer journal},
  volume={24},
  number={2},
  pages={162--166},
  year={1981},
  publisher={Br Computer Soc}
}

@article{watson,
  title={Computing the n-dimensional Delaunay tessellation with application to Voronoi polytopes},
  author={Watson, David F},
  journal={The computer journal},
  volume={24},
  number={2},
  pages={167--172},
  year={1981},
  publisher={Br Computer Soc}
}

@article{shewchuk,
  title={Adaptive precision floating-point arithmetic and fast robust geometric predicates},
  author={Richard Shewchuk, Jonathan},
  journal={Discrete \& Computational Geometry},
  volume={18},
  number={3},
  pages={305--363},
  year={1997},
  publisher={Springer}
}

@book{cgal,
  title = {{CGAL} User and Reference Manual},
  author = {{The CGAL Project}},
  publisher = {{CGAL Editorial Board}},
  edition = {{4.10}},
  year = 2017,
  url = {http://doc.cgal.org/4.10/Manual/packages.html}
}

@article{kohout,
  title={Parallel Delaunay triangulation in E 2 and E 3 for computers with shared memory},
  author={Kohout, Josef and Kolingerov{\'a}, Ivana and {\v{Z}}{\'a}ra, Ji{\v{r}}{\'\i}},
  journal={Parallel Computing},
  volume={31},
  number={5},
  pages={491--522},
  year={2005},
  publisher={Elsevier}
}

@article{batista,
  title={Parallel geometric algorithms for multi-core computers},
  author={Batista, Vicente HF and Millman, David L and Pion, Sylvain and Singler, Johannes},
  journal={Computational Geometry},
  volume={43},
  number={8},
  pages={663--677},
  year={2010},
  publisher={Elsevier}
}

@phdthesis{kohoutthesis,
  title={Delaunay triangulation in parallel and distributed environment},
  author={Kohout, Josef},
  year={2005},
  school={PhD Thesis, University of West Bohemia, Pillsen, Czech Republic}
}

@inproceedings{cignoni,
  title={Parallel 3d delaunay triangulation},
  author={Cignoni, Paolo and Montani, Claudio and Perego, Raffaele and Scopigno, Roberto},
  booktitle={Computer Graphics Forum},
  volume={12},
  number={3},
  pages={129--142},
  year={1993},
  organization={Wiley Online Library}
}

@manual{openmp_manual,
  title = {OpenMP Application Programming Interface},
  author = {OpenMP Architecture Review Board},
  version = {Version 4.5},
  year = {2015},
  url = {http://www.openmp.org/wp-content/uploads/openmp-4.5.pdf}
}

@book{chapman,
  title={Using OpenMP: portable shared memory parallel programming},
  author={Chapman, Barbara and Jost, Gabriele and Van Der Pas, Ruud},
  volume={10},
  year={2008},
  publisher={MIT press}
}

@book{williams,
  title={C++ concurrency in action},
  author={Williams, Anthony},
  year={2012},
  publisher={London}
}
