@book{book_cormen,
  title={Introduction to algorithms},
  author={Cormen, Thomas H and Leiserson, Charles E and Rivest, Ronald L and Stein, Clifford},
  year={2009},
  publisher={MIT press}
}

@book{book_sedgewick,
  title={Algorithms},
  author={Sedgewick, Robert and Wayne, Kevin},
  year={2011},
  publisher={Addison-Wesley Professional}
}

@manual{adm-publica2016,
  author={Universidade Federal do Cariri{,} UFCA},
  title={Projeto Político-Pedagógico do Curso de Bacharelado em Administração Pública e Gestão Social},
  year={2016},
  note={Disponível em: \url{https://www.ufca.edu.br/portal/files/Documentos/PPC_ADM_PUBLICA_2017.pdf}},
}

@manual{adm-publica2010,
  author={Universidade Federal do Ceará{,} UFC},
  title={Projeto Político-Pedagógico do Curso de Administração Pública: Gestão Pública e Social - Campus do Cariri},
  year={2010},
  note={Disponível em: \url{https://www.ufca.edu.br/portal/files/PPC%20Adm%20Pub/PPC_Adm_Publica_Ago_2010.pdf}},
}

@manual{eng-civil2008,
  author={Universidade Federal do Ceará{,} UFC},
  title={Projeto Pedagogico do Curso De Engenharia Civil},
  year={2007},
  note={Disponível em: \url{https://www.ufca.edu.br/portal/files/PPC%20Adm%20Pub/PPC_Adm_Publica_Ago_2010.pdf}},
}

@manual{eng-civil2018,
  author={Universidade Federal do Ceará{,} UFC},
  title={Projeto Pedagogico do Curso De Engenharia Civil},
  year={2018},
}
